../../presentations/location_routing/location_routing.bib