@ONLINE{csn_site,
title = {Community {S}eismic {N}etwork},
month = {Jul},
year = {2012},
howpublished = {\\ \url{http://www.communityseismicnetwork.org/}}
}

@ONLINE{ns3_routing_bug,
title = {Bug 521 - {I}pv4 global routing inefficient},
month = {Apr},
year = {2010},
howpublished = {\url{https://www.nsnam.org/bugzilla/show_bug.cgi?id=521}}
}

@ONLINE{ns3_site,
title = {ns-3},
month = {Jun},
year = {2012},
howpublished = {\url{http://www.nsnam.org/}}
}

@ONLINE{geonames,
title = {GeoNames},
month = {Dec},
year = {2012},
howpublished = {\url{http://www.geonames.org/}}
}

@ONLINE{caltech_sensors,
title = {Pervasive Computing for Disaster Response},
month = {Aug},
year = {2012},
howpublished = {\url{http://www.cacr.caltech.edu/projects/PerDis/}}
}

@inproceedings{ron,
 author = {Andersen, David and Balakrishnan, Hari and Kaashoek, Frans and Morris, Robert},
 title = {Resilient overlay networks},
 booktitle = {Proceedings of the eighteenth {ACM} symposium on Operating systems principles},
 series = {SOSP '01},
 year = {2001},
 isbn = {1-58113-389-8},
 location = {Banff, Alberta, Canada},
 pages = {131--145},
 numpages = {15},
 publisher = {ACM},
 address = {New York, NY, USA},
}

@inproceedings{pastry,
 author = {Rowstron, Antony I. T. and Druschel, Peter},
 title = {Pastry: Scalable, Decentralized Object Location, and Routing for Large-Scale Peer-to-Peer Systems},
 booktitle = {Proceedings of the IFIP/ACM International Conference on Distributed Systems Platforms Heidelberg},
 series = {Middleware '01},
 year = {2001},
 isbn = {3-540-42800-3},
 pages = {329--350},
 numpages = {22},
 publisher = {Springer-Verlag},
 address = {London, UK, UK},
}

@ARTICLE{rocketfuel, 
author={Spring, N. and Mahajan, R. and Wetherall, D. and Anderson, T.}, 
journal={Networking, IEEE/ACM Transactions on},
title={Measuring {ISP} topologies with {R}ocketfuel}, 
year={2004}, 
month={Feb.},
volume={12}, 
number={1}, 
pages={ 2 - 16}
}

@article{reactive_routing,
 author = {Feamster, Nick and Andersen, David G. and Balakrishnan, Hari and Kaashoek, M. Frans},
 title = {Measuring the effects of internet path faults on reactive routing},
 journal = {SIGMETRICS Perform. Eval. Rev.},
 issue_date = {June 2003},
 volume = {31},
 number = {1},
 month = {Jun},
 year = {2003},
 issn = {0163-5999},
 pages = {126--137},
 numpages = {12},
 publisher = {ACM},
 address = {New York, NY, USA},
}

@article{route_convergence,
 author = {Labovitz, Craig and Ahuja, Abha and Bose, Abhijit and Jahanian, Farnam},
 title = {Delayed Internet routing convergence},
 journal = {SIGCOMM Comput. Commun. Rev.},
 issue_date = {October 2000},
 volume = {30},
 number = {4},
 month = {Aug},
 year = {2000},
 issn = {0146-4833},
 pages = {175--187},
 numpages = {13},
 publisher = {ACM},
 address = {New York, NY, USA},
} 

@ARTICLE{qcn,
author={Cochran, E. and Lawrence, J. and Christensen, C. and Chung, A.},
journal={Instrumentation Measurement Magazine, IEEE},
title={A novel strong-motion seismic network for community participation in earthquake monitoring},
year={2009},
month={Dec},
volume={12},
number={6},
pages={8 -15},
}

@INPROCEEDINGS{geocorrelated, 
author={Neumayer, S. and Modiano, E.}, 
booktitle={INFOCOM, 2010 Proceedings IEEE},
title={Network Reliability With Geographically Correlated Failures}, 
year={2010}, 
month={march}, 
volume={}, 
number={}, 
pages={1 -9},
}

@inproceedings{net_disaster_planning,
 author = {Hansen, Audun Fosselie and Kvalbein, Amund and \v{C}i\v{c}i\'{c}, Tarik and Gjessing, Stein},
 title = {Resilient routing layers for network disaster planning},
 booktitle = {Proceedings of the 4th international conference on Networking - Volume Part II},
 series = {ICN'05},
 year = {2005},
 isbn = {3-540-25338-6, 978-3-540-25338-9},
 location = {Reunion Island, France},
 pages = {1097--1105},
 numpages = {9},
 publisher = {Springer-Verlag},
} 

@INPROCEEDINGS{model_analysis, 
author={Sterbenz, J.P.G. and CÌ§ andetinkaya, E.K. and Hameed, M.A. and Jabbar, A. and Rohrer, J.P.}, 
booktitle={Communication Systems and Networks (COMSNETS), 2011 Third International Conference on},
title={Modelling and analysis of network resilience}, 
year={2011}, 
month={jan.}, 
volume={}, 
number={}, 
pages={1 -10}, 
}

@article{resilience_survey,
 author = {Sterbenz, James P. G. and Hutchison, David and \c{C}etinkaya, Egemen K. and Jabbar, Abdul and Rohrer, Justin P. and Sch\"{o}ller, Marcus and Smith, Paul},
 title = {Resilience and survivability in communication networks: Strategies, principles, and survey of disciplines},
 journal = {Comput. Netw.},
 issue_date = {June, 2010},
 volume = {54},
 number = {8},
 month = {jun},
 year = {2010},
 issn = {1389-1286},
 pages = {1245--1265},
 numpages = {21},
 publisher = {Elsevier North-Holland, Inc.},
 address = {New York, NY, USA},
} 

@inproceedings{routing_resilience_analysis,
 author = {Wu, Jian and Zhang, Ying and Mao, Z. Morley and Shin, Kang G.},
 title = {Internet routing resilience to failures: analysis and implications},
 booktitle = {Proceedings of the 2007 ACM CoNEXT conference},
 series = {CoNEXT '07},
 year = {2007},
 isbn = {978-1-59593-770-4},
 location = {New York, New York},
 pages = {25:1--25:12},
 articleno = {25},
 numpages = {12},
 publisher = {ACM},
 address = {New York, NY, USA},
} 

@INPROCEEDINGS{scamp, 
author={Massoulie, L. and Kermarrec, A.-M. and Ganesh, A.J.}, 
booktitle={Reliable Distributed Systems, 2003. Proceedings. 22nd International Symposium on}, title={Network awareness and failure resilience in self-organizing overlay networks}, 
year={2003}, 
month={oct.}, 
volume={}, 
number={}, 
pages={ 47 - 55}, 
}

@INPROCEEDINGS{topology_aware_overlay, 
author={Han, J. and Watson, D. and Jahanian, F.}, 
booktitle={INFOCOM 2005. 24th Annual Joint Conference of the IEEE Computer and Communications Societies. Proceedings IEEE}, title={Topology aware overlay networks}, 
year={2005}, 
month={march}, 
volume={4}, 
number={}, 
pages={ 2554 - 2565 vol. 4},
}


@inproceedings{Kim2010,
author = {Kim, Kyungbaek and Venkatasubramanian, Nalini},
booktitle = {2010 IEEE Global Telecommunications Conference GLOBECOM 2010},
%doi = {10.1109/GLOCOM.2010.5685229},
%file = {:home/kyle/Downloads/gsford.pdf:pdf},
%isbn = {978-1-4244-5636-9},
%keywords = {gsford overlay network dissemination},
%mendeley-tags = {gsford overlay network dissemination},
month = dec,
pages = {1--5},
publisher = {IEEE},
title = {{Assessing the Impact of Geographically Correlated Failures on Overlay-Based Data Dissemination}},
%url = {http://ieeexplore.ieee.org/xpl/articleDetails.jsp?arnumber=5685229 http://ieeexplore.ieee.org/lpdocs/epic03/wrapper.htm?arnumber=5685229},
year = {2010}
}

@ARTICLE{pcycles,
author={Stamatelakis, D. and Grover, W.D.},
journal={Communications, IEEE Transactions on}, title={Theoretical underpinnings for the efficiency of restorable networks using preconfigured cycles (p-cycles)},
year={2000},
month={aug},
volume={48},
number={8},
pages={1262 -1265},
doi={10.1109/26.864163},
ISSN={0090-6778}
}

@ARTICLE{kiyoshi,
author={Nakayama, K. and Shinomiya, N. and Watanabe, H.},
journal={Circuits and Systems I: Regular Papers, IEEE Transactions on}, title={An Autonomous Distributed Control Method for Link Failure Based on Tie-Set Graph Theory},
year={2012},
month={nov. },
volume={59},
number={11},
pages={2727 -2737},
keywords={},
doi={10.1109/TCSI.2012.2196109},
ISSN={1549-8328}
}
